<?xml version="1.0" encoding="UTF-8"?><collection xmlns="http://www.loc.gov/MARC21/slim"><record><leader>00501nam--2200181-i-4500</leader><controlfield tag="001">000024571</controlfield><controlfield tag="002">20161230</controlfield><controlfield tag="005">20161230201035</controlfield><controlfield tag="008">060222s1000------------r-----000-0-eng-d</controlfield><datafield ind1=" " ind2=" " tag="040"><subfield code="a">IFIN-HH</subfield></datafield><datafield ind1=" " ind2=" " tag="080"><subfield code="a">517.97:515.17</subfield></datafield><datafield ind1="1" ind2=" " tag="100"><subfield code="a">Hildebrandt, Stefan</subfield></datafield><datafield ind1="1" ind2="0" tag="245"><subfield code="a">Mathematics and optimal form</subfield><subfield code="c">Stefan hildebrandt, anthony tromba</subfield></datafield><datafield ind1=" " ind2=" " tag="260"><subfield code="a">New York</subfield><subfield code="b">Scientific American Library</subfield><subfield code="c">1985</subfield></datafield><datafield ind1=" " ind2=" " tag="300"><subfield code="a">215 P</subfield></datafield><datafield ind1="1" ind2=" " tag="700"><subfield code="a">Tromba, Anthony</subfield></datafield><datafield ind1=" " ind2=" " tag="852"><subfield code="a">73929</subfield><subfield code="c">518.9</subfield></datafield><datafield ind1=" " ind2=" " tag="CAT"><subfield code="a">Sys</subfield><subfield code="c">20130808</subfield><subfield code="h">143416</subfield></datafield></record></collection>